@online{wik-minout,
  author  = {Wikipedia},
  title   = {Mined-Out},
  year    = 2024,
  url     = {https://en.wikipedia.org/wiki/Mined-Out},
  urldate = {May 09, 2024}
}
@online{wik-minsweep,
  author  = {Wikipedia},
  title   = {Minesweeper (video game)},
  year    = 2024,
  url     = {https://en.wikipedia.org/wiki/Minesweeper_(video_game)},
  urldate = {May 09, 2024}
}